@book{tipler19,
  author    = {Paul A. Tipler und Gene Mosca},
  title     = {Physik f¨ur Studierende der Naturwissenschaften und Technik},
  publisher = {Springer Spektrum},
  year      = {2019},
  edition   = {8},
  address   = {Berlin}
}
@book{demtroeder17,
  author    = {Jochen Demtröder},
  title     = {Experimentalphysik 2: Elektrizität und Optik},
  publisher = {Springer Spektrum},
  year      = {2017},
  edition   = {7},
  address   = {Berlin, Heidelberg}
}

@inbook{skript25,
  author    = {Dr. J. Wagner},
  title     = {Physikalisches Praktikum PAP 1 für Studierende der Physik},
  publisher = {Universität Heidelberg},
  year      = {2025},
  chapter   = {\versuchsnummer}
}

@inbook{errorSkript25,
  author    = {Dr. J. Wagner},
  title     = {Physikalisches Praktikum PAP 1 für Studierende der Physik},
  publisher = {Universität Heidelberg},
  year      = {2025},
  chapter   = {},
  pages     = {4-28}
}

@online{wikipedia-konstanten,
  author = {{Wikipedia-Autoren}},
  title  = {Physikalische Konstante -- Wikipedia},
  year   = {2025},
  url    = {https://de.wikipedia.org/wiki/Physikalische_Konstante},
  note   = {Zugriff am 10. Juli 2025}
}

@online{githubErrorCalc,
  author = {{Finn Zeumer}},
  title  = {Fehlerrechnung PAP 1},
  year   = {2025},
  url    = {https://github.com/FinnZeumer/ErrorCalcualtor},
  note   = {Zugriff am 25. August 2025}
}